j@article{theEconomicLimits,
    author  =   "Eric Budish",
    title   =   "The Economic Limits of Bitcoin and the Blockchain",
    url     =   "https://faculty.chicagobooth.edu/eric.budish/research/Economic-Limits-Bitcoin-Blockchain.pdf",
    year    =   "2018"
}

@article{BlockArrivals,
    author  =   "R. Bowden, H.P. Keeler, A.E. Krzesinski, P.G. Taylor",
    title   =   "Block arrivals in the Bitcoin blockchain",
    url     =   "https://arxiv.org/pdf/1801.07447.pdf",
    year    =   "2018"
}

@article{AnalysisBitcoinPooled,
    author  =   "Meni Rosenfeld",
    title   =   "Analysis of Bitcoin Pooled Mining Reward Systems",
    url     =   "https://arxiv.org/abs/1112.4980v1",
    year    =   "2011"
}